

@inproceedings{isabella2013,

	Author = {ABREU,ISABELLA},
	Title = {Falta de Educação Financeira},
	Year = {ABRIL,2013},
	Pages = {11},
	Volume = {172},
	Booktitle = {Revista RI},
	
}

@article{bovespa2014,
	Author = {BM\&FBovespa},
	Title = {Balanço de operações de fevereiro de 2014},
	Year = {2014},
	Url = {http://www.bmfbovespa.com.br/pt-br/a-bmfbovespa/sala-de- imprensa/Releases/2014/BMFBOVESPA-divulga-balanco-de-operacoes-de- fevereiro-2014-03-10.aspx?tipoNoticia=32&idioma=pt-br},
	urldate = {2014-03}
}

@article{rocha2012,
	Author = {ROCHA, TERMISIA LUIZA},
	Title = {Viabilidade da utilização da pesquisa-ação em situações de ensino-aprendizagem},
	Year = {2012},
	Url = {http://www.unisc.br/portal/upload/com_arquivo/viabilidade_da_utilizacao_da_pesquisa_acao_em_situacoes_de_ensino_aprendizagem.pdf},
	urldate = {2015-05}
}
@article{oracle2015,
	Author = {Oracle},
	Title = {Core J2EE Patterns - Data Access Object},
	Year = {2015},
	Url = {http://www.oracle.com/technetwork/java/dataaccessobject-138824.html},
	urldate = {2015-06}
}

@book{thiollent1986,
    author    = "THIOLLENT,M",
    title     = "Metodologia da pesquisa-ação",
    year      = "1986",
    publisher = "Cortez",
    address   = "São Paulo"
}
@book{kovalyov2006,
    author    = "KOVALYOV,S",
    title     = "Programming in Algorithmic Language MQL4 - Introductory Course",
    year      = "2000",
    publisher = "Cortez",
    Url ="https://www.google.com.br/url?sa=t&rct=j&q=&esrc=s&source=web&cd=3&ved=0CDsQFjAC&url=http%3A%2F%2Fwww.vlkomarov.info%2Ffiles%2F2012%2F04%2Fmql4-book.doc&ei=fzaPVc_XBIiZgwTQjYO4BQ&usg=AFQjCNFt2hT3vOYGGTXsViDAx9vRU-lNJw&sig2=LFWL_wLriivCzWC39riBhA&bvm=bv.96783405,d.eXY",
    address   = "Londres"
}
@book{metaquotes2014,
    author    = "MetaQuotes, Software corp",
    title     = "Linguagem MQL5 REFERENTE ao terminal do cliente MetaTrader 5",
    year      = "2006",
    publisher = "Cortez",
    Url ="http://www.metaquotes.net"
    
}



@book{gil2002,
    author    = "GIL,ANTONIO CALRLOS",
    title     = "Como Elaborar Projetos de Pesquisa",
    year      = "2002",
    publisher = "Atlas S.A",
    address   = "São Paulo"
}

@article{telecon2014,
	Author = {TELECON},
	Title = {Java Agent Development Framework},
	Year = {2014},
	Url = {http://jade.tilab.com/},
	urldate = {2014-01}
}
@article{alvares1997,
	Author = {ALVARES, LUIS OTÁVIO and SICHMAN, JAIME SIMIÃO.},
	Title = {Introdução aos Sistemas Multiagentes},
	Year = {1997},
	Address = {XVI JAI XVII Congresso da Sociedade Brasileira de Computação, Brasília-DF},
}
 

@article{girardi2004,
	Author = {ROSARIO GIRARDI},
	Title = {Engenharia de Software baseada em Agentes},
	Year = {2004},
	Url  ="http://maae.deinf.ufma.br/Ensino/ES/CPGEE/Engenharia%20de%20Software%20b aseada%20em%20Agentes.pdf",
	urldate = {2014-07},
	Address = {Universidade Federal do Maranhão, São Luís-MA}
}
@article{cmv2014,
	Author = {CVM, Comissão de Valores Mobiliários},
	Title = {Mercado de Valores Mobiliários Brasileiro},
	Year = {2014},
	Volume = {3},
	Address = {Rio de Janeiro-RJ},
}

 @book{noronha2010,
    author    = "Marcio Noronha",
    title     = "É só Isso?!",
    year      = "2010",
    publisher = "Imprinta Express Gráfica e Editora Ltda.",
    address   = "Rio de Janeiro,Brasil",
    edition	  = "1",
    isbn="978-85-911077-0-4"
}
 @book{buffet2010,
    author    = "Mary Buffet and Davit Clark",
    title     = "Warren Buffett e a análise de Balanços: Como identificar empresas com vantagem competitiva de longo prazo por meio de suas demonstrações financeiras",
    year      = "2010",
    publisher = "Sextante",
    edition   = "2",
    address   = "Rio de Janeiro,Brasil"
}

@book{russel2003,
    author    = "Stuart J. Russell and Peter Norvig",
    title     = "Artificial Intelligence A Modern Approach",
    year      = "2003",
    publisher = "Pearson Education, Inc.",
    address   = "New Jersey,USA",
    edition	  = "2",
    isbn="0-13-790395-"
}
@mastersthesis{oliveira2008,
    author    = "Rosana Cavalcante de Oliveira",
    title     = "Otimização da Confiabilidade via Sistemas Multiagentes baseado em colônia de formiga",
    school    = "Universidade Federal de Pernambuco",
    type     = "Mestrado",
    address  = "Recife-PE",
    year      = "2008",
    note     = "83f",
}
@mastersthesis{serrano2011,
    author    = "Mauricio Serrano",
    title     = "Desenvolvimento Intencional de Software Transparente Baseado em Argumentação",
    school    = "Pontifícia Universidade Católica do Rio de Janeiro",
    type     = "Doutorado",
    address  = "Rio de Janeiro-RJ",
    year      = "2011",
    note     = "282f",
}

@book{wooldrige2002,
    author    = "Michael Wooldridge",
    title     = "An Introduction to MultiAgent Systems",
    year      = "2002",
    publisher = "John Wiley \& Sons,LTDA",
    edition   = "1",
    address   = "London,England."
}
@book{gamma2000,
    author    = "Erich Gamma and Richard Helm and Ralph Johnson and John Vlissides",
    title     = "Padrões de Projetos : Soluções reutilizáveis de software orientado a objetos",
    translator= "Luiz A. Meirelles Salgado",
    year      = "2000",
    publisher = "Bookman",
    isbn   	  = "978-85-7307-610-3",
    address   = "Porte Alegre,SC."
}
@book{matsura2006,
    author    = "Eduardo Matsura",
    title     = "Comprar ou Vender? Como investir na Bolsa Utilizando Análise Gráfica",
    year      = "2006",
    edition   = "4",
    publisher = "Editora Saraiva",
    isbn   	  = "85-02-05911-4",
    address   = "São Paulo-SP"
}
@book{bigalow2010,
    author    = "Stephen W. Bigalow",
    title     = "Operações Lucrativas com Candlestick: Identificando Oportunidades de mercador para Maximiza os Lucros.",
    translator= "Marcio Noronha",
    year      = "2010",
    publisher = "John Wiley \& Sons,Inc.",
    isbn   	  = "978-0-470-92470-9",
}
@book{pinheiro2008,
    author    = "Pinheiro Carlos Alberto Orge",
    title     = "Como investir em ações: Aprenda a otimizar sua carteira de ações com estratégia usando MS Excel",
    year      = "2008",
    publisher = "Editora: Ciência Moderna",
    isbn   	  = "978-8-573-93625-4",
}
@article{krasner1988,
	Author = { KRASNER,GLENN E. and POPE, STEPHEN T},
	Title = {A Cookbook for Using the Model-View- Controller User Interface Paradigm in Smalltalk-80},
	Year = {1988},
	Url  ="https://www.lri.fr/~mbl/ENS/FONDIHM/2013/papers/Krasner-JOOP88.pdf",
	urldate = {2014-07},
}

@manual{schwaber2013,
	Author = { SCHWABER, KEN and SUTHERLAND, JEFF},
	Title = {VGuia do Scrum :Um guia definitivo para o Scrum-as regras do jogo.},
	Year = {2013},
	translator= "Fábio Cruz and Cestari Silva and Eduardo Rodrigues Sucena and Daniel Racowsky",
	Pages = {18},
	urldate={2014-7},
	url ="https://www.scrum.org/Portals/0/Documents/Scrum%20Guides/2013/Scrum-Guide- Portuguese-BR.pdf"
}

%--- Apud s
@article{christopher1977,
	Author = {Christopher Alexander and Sara Ishikawa and Murray Silverstein and Max lacobson and Ingrid Fiksdahl-Kink and Shlomo Angel},
	title   = "A Pattern Language",
	address  = "Oxford University,New York",
	Year = {1977},
}
@article{holldobler1990,
	Author = {Holldobler and Wilson},
	title   = "The Ants",
	address  = "Cambrige,MA",
	Year = {1990},
}
@article{girardi2001,
	Author = {Girardi},
	title   = "Agent-Based Application Enginnering",
	address  = "Setubal,Portugal",
	Year = {2001},	
}
@article{hyacinth1996,
	Author = {Hyacinth},
	title   = "Software Agents: An Overview",
	Year = {1996},
	
}
@article{knapik1998,
	Author = {Knapid and Johnson},
	title   = "Developing Inteligeng Agents for Distributed Systems",
	address  = "New York,NY",
	Year = {1998},
	
}
@article{wooldridge1999,
	Author = {Wooldrige},
	title   = "Intelligent Agents",
	address  = "MIT,MA",
	Year = {1999},
	
}
@article{ferber1991,
	Author = {Ferber and Gasser},
	title   = "Intelligence artificielle distribuee",
	address  = "Avignon, France",
	Year = {1991},
}
@article{bratman1999,
	Author = {Bratman},
	title   = "Intention, Plans and Pratical Reason",
	address  = "University of Chicago",
	Year = {1999},
	isbn="1575861925"
	
}
%-->Exemplos

@manual{inmetro2003,
	Author = {INMETRO},
	Title = {Vocabulário internacional de termos fundamentais e gerais de
	metrologia},
	Year = {2013},
	Address = {Rio de Janeiro, Brasil},
	Pages = {75},
	isbn = {85-87090-90-9},
}
@inproceedings{soviero1997,
	Author = {P. A. O. Soviero and L. G. M. Lavagna},
	Title = {A Numerical Model for Thin Airfoils in Unsteady Motion},
	Year = {1997},
	Pages = {332-340},
	Volume = {19},
	Number = {3},
	Booktitle = {Journal of the Brazilian Societyt Mechanical Sciences},	
}


@inproceedings{sparrow1980,
	Author = {E. M. Sparrow},
	Title = {Forced Convection Heat Transfer in a Duct Having Spanwise-Periodic
	Rectangular Protuberances},
	Year = {1980},
	Pages = {149-167},
	Volume = {3},
	Booktitle = {Numerical Heat Transfer},
}

@article{clark1986,
	Author = {J. A. Clark},
	Title = {Private Communication},
	Year = {1986},
	Address = {University of Michigan},
}

@article{arruda2007,
	Author = {M. B. B. Arruda},
	Title = {Como fazer referências: bibliográficas, eletrônicas e demais
	formas de documentos},
	Year = {2007},
	Url = {http://bu.ufsc.br/framerefer.html}
}

@article{coimbra1978,
	Author = {A. L. Coimbra},
	Title = {Lessons of Continuum Mechanics},
	Year = {1978},
	Address = {São Paulo, Brazil},
	Pages = {428},
	Editor = {Edgard Blücher},
}

@inproceedings{bordalo1989,
	Author = {S. N. Bordalo and J. H. Ferziger and S. J. Kline},
	Title = {The Development of Zonal Models for Turbulence},
	Year = {1989},
	Pages = {41-44},
	Booktitle = {Proceedings of the 10th Brazilian Congress of Mechanical
	Engineering}, 
	Volume = {1},	
}

@manual{NBR14724:2011,
	Address = {Rio de Janeiro},
	Date-Added = {2012-12-15 20:34:08 +0000},
	Date-Modified = {2012-12-15 20:35:25 +0000},
	Month = mar,
	Org-Short = {ABNT},
	Organization = {Associa{\c c}\~ao Brasileira de Normas T\'ecnicas},
	Pages = 15,
	Subtitle = {Informa{\c c}\~ao e documenta{\c c}\~ao --- trabalhos acad\^emicos --- apresenta{\c c}\~ao},
	Title = {{NBR} 14724},
	Year = 2011
}

@manual{NBR6034:2000,
	Address = {Rio de Janeiro},
	Org-Short = {ABNT},
	Organization = {Associa{\c c}\~ao Brasileira de Normas T\'ecnicas},
	Subtitle = {Informa{\c c}\~ao e documenta{\c c}\~ao --- Referências},
	Title = {{NBR} 14724},
	Year = 2000
}

